@ARTICLE{shibata:06bns,
   author = {{Shibata}, M. and {Taniguchi}, K.}, 
    title = "{Merger of binary neutron stars to a black hole: Disk mass, short gamma-ray bursts, and quasinormal mode ringing}",
  journal = {\prd},
     year = 2006,
    month = mar, 
   volume = 73,
    pages = {064027},
   adsurl = {http://adsabs.harvard.edu/abs/2006PhRvD..73f4027S},
}

@ARTICLE{giacomazzo:11,
   author = {{Giacomazzo}, B. and {Rezzolla}, L. and {Baiotti}, L.},
    title = "{Accurate evolutions of inspiralling and magnetized neutron stars: Equal-mass binaries}",
  journal = {\prd},
     year = 2011,
   volume = 83,
   number = 4,
    pages = {044014},
}

@ARTICLE{hotokezaka:11,
   author = {{Hotokezaka}, K. and {Kyutoku}, K. and {Okawa}, H. and {Shibata}, M. and
    {Kiuchi}, K.},
    title = "{Binary neutron star mergers: Dependence on the nuclear equation of state}",
  journal = {\prd},
     year = 2011,
   volume = 83,
   number = 12,
    pages = {124008},
}

@ARTICLE{bauswein:12,
   author = {{Bauswein}, A. and {Janka}, H.-T. and {Hebeler}, K. and {Schwenk}, A.
    },
    title = "{Equation-of-state dependence of the gravitational-wave signal from the ring-down phase of neutron-star mergers}",
  journal = {\prd},
archivePrefix = "arXiv",
   eprint = {1204.1888},
 primaryClass = "astro-ph.SR",
 keywords = {Neutron stars, Wave generation and sources, Equations of state of neutron-star matter, Gravitational radiation, magnetic fields, and other observations},
     year = 2012,
    month = sep,
   volume = 86,
   number = 6,
      eid = {063001},
    pages = {063001},
      doi = {10.1103/PhysRevD.86.063001},
   adsurl = {http://adsabs.harvard.edu/abs/2012PhRvD..86f3001B},
}

@ARTICLE{hotokezaka:13,
   author = {{Hotokezaka}, K. and {Kiuchi}, K. and {Kyutoku}, K. and {Okawa}, H. and
    {Sekiguchi}, Y.-i. and {Shibata}, M. and {Taniguchi}, K.},
    title = "{Mass ejection from the merger of binary neutron stars}",
  journal = {\prd},
archivePrefix = "arXiv",
   eprint = {1212.0905},
 primaryClass = "astro-ph.HE",
 keywords = {Numerical relativity, Gravitational waves: theory, Relativistic stars: structure, stability, and oscillations},
     year = 2013,
    month = jan,
   volume = 87,
   number = 2,
      eid = {024001},
    pages = {024001},
      doi = {10.1103/PhysRevD.87.024001},
   adsurl = {http://adsabs.harvard.edu/abs/2013PhRvD..87b4001H},
  adsnote = {Provided by the SAO/NASA Astrophysics Data System}
}


@ARTICLE{2014PhRvD..90f2004C,
   author = {{Clark}, J. and {Bauswein}, A. and {Cadonati}, L. and {Janka}, H.-T. and 
    {Pankow}, C. and {Stergioulas}, N.},
    title = "{Prospects for high frequency burst searches following binary neutron star coalescence with advanced gravitational wave detectors}",
    Journal = {Phys. Rev. D},
archivePrefix = "arXiv",
   eprint = {1406.5444},
 primaryClass = "astro-ph.HE",
 keywords = {Gravitational wave detectors and experiments, Data analysis: algorithms and implementation, data management, Neutron stars, Numerical studies of other relativistic binaries},
     year = 2014,
    month = sep,
   volume = 90,
   number = 6,
      eid = {062004},
    pages = {062004},
      doi = {10.1103/PhysRevD.90.062004},
   adsurl = {http://adsabs.harvard.edu/abs/2014PhRvD..90f2004C},
  adsnote = {Provided by the SAO/NASA Astrophysics Data System}
}


% --- Binary neutron star rates
@article{ratesPaper,
  author={{Abadie}, J. and others},
  collaboration={{LIGO Scientific Collaboration} and {Virgo Collaboration}},
  title={Predictions for the rates of compact binary coalescences observable by ground-based gravitational-wave detectors},
  journal={Classical and Quantum Gravity},
  volume={27},
  number={17},
  pages={173001},
  url={http://stacks.iop.org/0264-9381/27/i=17/a=173001},
  year={2010},
}

% prospects
@ARTICLE{2013arXiv1304.0670L,
   author = {{Aasi}, J. and others},
    collaboration = {{LIGO Scientific Collaboration} and {Virgo Collaboration}},
    title = "{Prospects for Localization of Gravitational Wave Transients by the Advanced LIGO and Advanced Virgo Observatories}",
  journal = {ArXiv e-prints},
archivePrefix = "arXiv",
   eprint = {1304.0670},
 primaryClass = "gr-qc",
 keywords = {General Relativity and Quantum Cosmology, Astrophysics - High Energy Astrophysical Phenomena},
     year = 2013,
    month = apr,
   adsurl = {http://adsabs.harvard.edu/abs/2013arXiv1304.0670L},
  adsnote = {Provided by the SAO/NASA Astrophysics Data System}
}

@ARTICLE{bauswein:14,
   author = {{Bauswein}, A. and {Stergioulas}, N. and {Janka}, H.-T.},
    title = "{Revealing the high-density equation of state through binary neutron star mergers}",
  journal = {\prd},
archivePrefix = "arXiv",
   eprint = {1403.5301},
 primaryClass = "astro-ph.SR",
 keywords = {Equations of state of neutron-star matter, Neutron stars, Wave generation and sources, Gravitational radiation magnetic fields and other observations},
     year = 2014,
    month = jul, 
   volume = 90,
   number = 2, 
      eid = {023002},
    pages = {023002},
      doi = {10.1103/PhysRevD.90.023002},
   adsurl = {http://adsabs.harvard.edu/abs/2014PhRvD..90b3002B},
}



% --- HMNS physics
@ARTICLE{Bauswein38Eos,
    author = {{Bauswein}, A. and {Janka}, H.-T. and {Hebeler}, K. and
        {Schwenk}, A.},
    title = "{Equation-of-state dependence of the gravitational-wave
        signal from the ring-down phase of neutron-star mergers}",
    Journal = {Phys. Rev. D},
    archivePrefix = "arXiv",
    eprint = {1204.1888},
    primaryClass = "astro-ph.SR",
    year = 2012,
    month = sep,
    volume = 86,
    number = 6,
    eid = {063001},
    pages = {063001},
    doi = {10.1103/PhysRevD.86.063001}
}


% --- GRB astrophysics & Rates
@article{nakar-2007,
 author = {Ehud Nakar},
 title = {Short-Hard Gamma-Ray Bursts},
 journal = "Physics Reports",
 volume = "442",
 pages = "166",
 year = {2007}
}

% --- Effective range
@ARTICLE{1993PhRvD..47.2198F,
   author = {{Finn}, L.~S. and {Chernoff}, D.~F.},
    title = "{Observing binary inspiral in gravitational radiation: One interferometer}",
  journal = {\prd},
   eprint = {gr-qc/9301003},
 keywords = {Neutron stars, Astrometric and interferometric binaries},
     year = 1993,
    month = mar,
   volume = 47,
    pages = {2198-2219},
      doi = {10.1103/PhysRevD.47.2198},
   adsurl = {http://adsabs.harvard.edu/abs/1993PhRvD..47.2198F},
  adsnote = {Provided by the SAO/NASA Astrophysics Data System}
}

@ARTICLE{SuttonBursts,
   author = {{Sutton}, P.~J.},
    title = "{A Rule of Thumb for the Detectability of Gravitational-Wave Bursts}",
  journal = {ArXiv e-prints},
archivePrefix = "arXiv",
   eprint = {1304.0210},
 primaryClass = "gr-qc",
 keywords = {General Relativity and Quantum Cosmology},
     year = 2013,
    month = mar,
   adsurl = {http://adsabs.harvard.edu/abs/2013arXiv1304.0210S},
  adsnote = {Provided by the SAO/NASA Astrophysics Data System}
}


@article{s5_highfreq,
  title = {Search for high frequency gravitational-wave bursts in the first calendar year of LIGOâ€™s fifth science run},
  author = {Abbott, B. P. and others},
  collaboration = {The LIGO Scientific Collaboration},
  journal = {Phys. Rev. D},
  volume = {80},
  issue = {10},
  pages = {102002},
  numpages = {14},
  year = {2009},
  month = {Nov},
  publisher = {American Physical Society},
  doi = {10.1103/PhysRevD.80.102002},
  url = {http://link.aps.org/doi/10.1103/PhysRevD.80.102002}
}

@article{s5_allsky,
  title = {Search for gravitational-wave bursts in the first year of the fifth LIGO science run},
  author = {Abbott, B. P. and others},
  collaboration = {LIGO Scientific Collaboration},
  journal = {Phys. Rev. D},
  volume = {80},
  issue = {10},
  pages = {102001},
  numpages = {26},
  year = {2009},
  month = {Nov},
  publisher = {American Physical Society},
  doi = {10.1103/PhysRevD.80.102001},
  url = {http://link.aps.org/doi/10.1103/PhysRevD.80.102001}
}

@article{s52vsr1_allsky,
  title = {All-sky search for gravitational-wave bursts in the first joint LIGO-GEO-Virgo run},
  author = {Abadie, J. and others},
  collaboration = {The LIGO Scientific Collaboration and The Virgo Collaboration},
  journal = {Phys. Rev. D},
  volume = {81},
  issue = {10},
  pages = {102001},
  numpages = {20},
  year = {2010},
  month = {May},
  publisher = {American Physical Society},
  doi = {10.1103/PhysRevD.81.102001},
  url = {http://link.aps.org/doi/10.1103/PhysRevD.81.102001}
}

@ARTICLE{ninja2,
    title = "{The NINJA-2 project: Detecting and characterizing gravitational waveforms modelled using numerical binary black hole simulations}",
    author = {Aasi, J. and others},
    collaboration = {The LIGO Scientific Collaboration, The Virgo Collaboration
        and The NINJA-2 Collaboration},
    journal = cqg,
    volume = {31},
    number = {11},
    pages = {115004},
    archivePrefix = "arXiv",
    eprint = {1401.0939},
    primaryClass = "gr-qc",
    keywords = {General Relativity and Quantum Cosmology, Astrophysics - Cosmology and Extragalactic Astrophysics},
    year = 2014,
    month = jan,
    adsurl = {http://adsabs.harvard.edu/abs/2014arXiv1401.0939T},
    adsnote = {Provided by the SAO/NASA Astrophysics Data System}
}

% ----- DETECTORS
% aLIGO standard reference:
@ARTICLE{2010CQGra..27h4006H,
   author = {{Harry}, G.~M. and others},
    collaboration = {LIGO Scientific Collaboration},
    title = "{Advanced LIGO: the next generation of gravitational wave detectors}",
  journal = cqg,
     year = 2010,
    month = apr,
   volume = 27,
   number = 8,
      eid = {084006},
    pages = {084006},
      doi = {10.1088/0264-9381/27/8/084006},
   adsurl = {http://adsabs.harvard.edu/abs/2010CQGra..27h4006H},
  adsnote = {Provided by the SAO/NASA Astrophysics Data System}
}

@article{aLIGO_noise_curves,
 author = {{The LIGO Scientific Collaboration}},
 title = {Advanced LIGO anticipated sensitivity curves},
 url = {https://dcc.ligo.org/LIGO-T0900288/public},
 year = {2009}
}

@ARTICLE{2011CQGra..28k4002A,
   author = {{Accadia}, T. and others},
    title = "{Status of the Virgo project}",
  journal = cqg,
     year = 2011,
    month = jun,
   volume = 28,
   number = 11,
      eid = {114002},
    pages = {114002},
      doi = {10.1088/0264-9381/28/11/114002},
   adsurl = {http://adsabs.harvard.edu/abs/2011CQGra..28k4002A},
  adsnote = {Provided by the SAO/NASA Astrophysics Data System}
}

@article{virgo_baseline,
    author = {The Virgo Collaboration},
    title = {Advanced Virgo Baseline Design},
    journal = {Virgo Tech. Rep. VIR-027A-09},
    year = 2009,
    url = {https://tds.ego-gw.it/itf/tds/file.php?callFile=VIR-0027A-09.pdf}
}


@article{adV_noise_curves,
 author = {{Accadia}, T. and others},
 title = {Virgo Document VIR-0128A-12},
 url = {https://tds.ego-gw.it/ql/?c=8940},
 year = {2012}
}

% KAGRA
@ARTICLE{2010CQGra..27h4004K,
   author = {{Kuroda}, K.},
    collaboration = {LCGT Collaboration},
    title = "Status of LCGT",
  journal = cqg,
     year = 2010,
    month = apr,
   volume = 27,
   number = 8,
      eid = {084004},
    pages = {084004},
      doi = {10.1088/0264-9381/27/8/084004},
   adsurl = {http://adsabs.harvard.edu/abs/2010CQGra..27h4004K},
  adsnote = {Provided by the SAO/NASA Astrophysics Data System}
}

% --- Pipelines
% BIC
@article{BIC_Schwarz,
    author={{Schwarz}, G.},
    title={Estimating the dimension of a model},
    journal = {Annals of Statistics},
    volume = 6,
    issue = 2,
    year = 1978,
    pages = {461-464}
}

% Chirplets
@ARTICLE{chirplets,
   author = {{Chassande Mottin}, {\'E}. and {Miele}, M. and {Mohapatra}, S. and 
	{Cadonati}, L.},
    title = "{Detection of GW bursts with chirplet-like template families}",
  journal = {Classical and Quantum Gravity},
archivePrefix = "arXiv",
   eprint = {1005.2876},
 primaryClass = "gr-qc",
     year = 2010,
    month = oct,
   volume = 27,
   number = 19,
      eid = {194017},
    pages = {194017},
      doi = {10.1088/0264-9381/27/19/194017},
   adsurl = {http://adsabs.harvard.edu/abs/2010CQGra..27s4017C},
  adsnote = {Provided by the SAO/NASA Astrophysics Data System}
}

%references AB: (some may be double)
@ARTICLE{1996PhRvD..54.1317W,
   author = {{Wilson}, J.~R. and {Mathews}, G.~J. and {Marronetti}, P.},
    title = "{Relativistic numerical model for close neutron-star binaries}",
  journal = {\prd},
     year = 1996,
    month = jul,
   volume = 54,
    pages = {1317-1331},
      doi = {10.1103/PhysRevD.54.1317},
   adsurl = {http://adsabs.harvard.edu/abs/1996PhRvD..54.1317W},
  adsnote = {Provided by the SAO/NASA Astrophysics Data System}
}

@INPROCEEDINGS{1980grg..conf...23I,
   author = {{Isenberg}, J. and {Nester}, J.},
    title = "{Canonical Gravity}",
booktitle = {General Relativity and Gravitation},
publisher = {Plenum Press, New York},
     year = 1980,
    pages = {23},
   adsurl = {http://adsabs.harvard.edu/abs/1980grg..conf...23I},
  adsnote = {Provided by the SAO/NASA Astrophysics Data System}
}



@ARTICLE{2014arXiv1403.5672T,
   author = {{Takami}, K. and {Rezzolla}, L. and {Baiotti}, L.},
    title = "{Constraining the equation of state of neutron stars from binary mergers}",
  journal = {ArXiv e-prints},
archivePrefix = "arXiv",
   eprint = {1403.5672},
 primaryClass = "gr-qc",
 keywords = {General Relativity and Quantum Cosmology, Astrophysics - High Energy Astrophysical Phenomena, Astrophysics - Solar and Stellar Astrophysics},
     year = 2014,
    month = mar,
   adsurl = {http://adsabs.harvard.edu/abs/2014arXiv1403.5672T},
  adsnote = {Provided by the SAO/NASA Astrophysics Data System}
}


@ARTICLE{2007A&A...467..395O,
  author = {{Oechslin}, R. and {Janka}, H.-T. and {Marek}, A.},
  title = {{Relativistic neutron star merger simulations with non-zero temperature
	equations of state. I. Variation of binary parameters and equation
	of state}},
  journal = {Astron. Astrophys.},
  year = {2007},
  volume = {467},
  pages = {395-409},
  month = may,
  adsnote = {Provided by the SAO/NASA Astrophysics Data System},
  adsurl = {http://adsabs.harvard.edu/abs/2007A%26A...467..395O},
  doi = {10.1051/0004-6361:20066682},
  keywords = {stars: neutron, gamma rays: bursts, hydrodynamics, equation of state,
	methods: numerical}
}

@ARTICLE{2002PhRvD..65j3005O,
  author = {{Oechslin}, R. and {Rosswog}, S. and {Thielemann}, F.-K.},
  title = {{Conformally flat smoothed particle hydrodynamics application to
	neutron star mergers}},
  journal = {\prd},
  year = {2002},
  volume = {65},
  pages = {103005-+},
  number = {10},
  month = may,
  adsnote = {Provided by the SAO/NASA Astrophysics Data System},
  adsurl = {http://adsabs.harvard.edu/abs/2002PhRvD..65j3005O}
}

@ARTICLE{2010PhRvD..82h4043B,
  author = {{Bauswein}, A. and {Janka}, H.-T. and {Oechslin}, R.},
  title = {{Testing approximations of thermal effects in neutron star merger
	simulations}},
  journal = {\prd},
  year = {2010},
  volume = {82},
  pages = {084043-+},
  number = {8},
  month = oct,
  adsnote = {Provided by the SAO/NASA Astrophysics Data System},
  adsurl = {http://adsabs.harvard.edu/abs/2010PhRvD..82h4043B},
  doi = {10.1103/PhysRevD.82.084043},
  keywords = {Wave generation and sources, Equations of state of neutron-star matter,
	Hydrodynamics, Gravitational radiation, magnetic fields, and other
	observations},
  primaryclass = {astro-ph.SR}
}

@ARTICLE{2012PhRvD..86f3001B,
  author = {{Bauswein}, A. and {Janka}, H.-T. and {Hebeler}, K. and {Schwenk},
	A. },
  title = {{Equation-of-state dependence of the gravitational-wave signal from
	the ring-down phase of neutron-star mergers}},
  journal = {\prd},
  year = {2012},
  volume = {86},
  pages = {063001},
  number = {6},
  month = sep,
  eid = {063001},
  adsnote = {Provided by the SAO/NASA Astrophysics Data System},
  adsurl = {http://adsabs.harvard.edu/abs/2012PhRvD..86f3001B},
  doi = {10.1103/PhysRevD.86.063001},
  keywords = {Neutron stars, Wave generation and sources, Equations of state of
	neutron-star matter, Gravitational radiation, magnetic fields, and
	other observations}
}


@ARTICLE{2013PhRvD..88d4026H,
  author = {{Hotokezaka}, K. and {Kiuchi}, K. and {Kyutoku}, K. and {Muranushi},
	T. and {Sekiguchi}, Y. and {Shibata}, M. and {Taniguchi}, K.},
  title = {{Remnant massive neutron stars of binary neutron star mergers: Evolution
	process and gravitational waveform}},
  journal = {\prd},
  year = {2013},
  volume = {88},
  pages = {044026},
  number = {4},
  month = aug,
  eid = {044026},
  adsnote = {Provided by the SAO/NASA Astrophysics Data System},
  adsurl = {http://adsabs.harvard.edu/abs/2013PhRvD..88d4026H}
}

@ARTICLE{1995JCoPh.121..357B,
   author = {{Balsara}, D.~S.},
    title = "{von Neumann stability analysis of smooth particle hydrodynamics--suggestions for optimal algorithms}",
  journal = {Journal of Computational Physics},
     year = 1995,
   volume = 121,
    pages = {357-372},
      doi = {10.1016/S0021-9991(95)90221-X},
   adsurl = {http://adsabs.harvard.edu/abs/1995JCoPh.121..357B},
  adsnote = {Provided by the SAO/NASA Astrophysics Data System}
}

@ARTICLE{2012ARNPS..62..485L,
  author = {{Lattimer}, J.~M.},
  title = {{The Nuclear Equation of State and Neutron Star Masses}},
  journal = {Annu. Rev. Nucl. Part. Sci.},
  year = {2012},
  volume = {62},
  pages = {485-515},
  month = nov,
  adsnote = {Provided by the SAO/NASA Astrophysics Data System},
  adsurl = {http://adsabs.harvard.edu/abs/2012ARNPS..62..485L},
}

@ARTICLE{2007PhR...442..109L,
   author = {{Lattimer}, J.~M. and {Prakash}, M.},
    title = "{Neutron star observations: Prognosis for equation of state constraints}",
  journal = {Physics Reports},
   eprint = {astro-ph/0612440},
     year = 2007,
    month = apr,
   volume = 442,
    pages = {109-165},
      doi = {10.1016/j.physrep.2007.02.003},
   adsurl = {http://adsabs.harvard.edu/abs/2007PhR...442..109L},
  adsnote = {Provided by the SAO/NASA Astrophysics Data System}
}

@ARTICLE{2014GReGr..46.1713L,
   author = {{Lattimer}, J.~M.},
    title = "{Neutron stars}",
  journal = {General Relativity and Gravitation},
 keywords = {Neutron stars, Dense matter equation of state, Nuclear symmetry energy},
     year = 2014,
    month = may,
   volume = 46,
    pages = {1713},
      doi = {10.1007/s10714-014-1713-3},
   adsurl = {http://adsabs.harvard.edu/abs/2014GReGr..46.1713L},
  adsnote = {Provided by the SAO/NASA Astrophysics Data System}
}

@ARTICLE{2010Natur.467.1081D,
  author = {{Demorest}, P.~B. and {Pennucci}, T. and {Ransom}, S.~M. and {Roberts},
	M.~S.~E. and {Hessels}, J.~W.~T.},
  title = {{A two-solar-mass neutron star measured using Shapiro delay}},
  journal = {\nat},
  year = {2010},
  volume = {467},
  pages = {1081-1083},
  month = oct,
  adsnote = {Provided by the SAO/NASA Astrophysics Data System},
  adsurl = {http://adsabs.harvard.edu/abs/2010Natur.467.1081D},
  doi = {10.1038/nature09466}
}

@ARTICLE{Antoniadis26042013,
  author = {Antoniadis, John and Freire, Paulo C. C. and Wex, Norbert and Tauris,
	Thomas M. and Lynch, Ryan S. and van Kerkwijk, Marten H. and Kramer,
	Michael and Bassa, Cees and Dhillon, Vik S. and Driebe, Thomas and
	Hessels, Jason W. T. and Kaspi, Victoria M. and Kondratiev, Vladislav
	I. and Langer, Norbert and Marsh, Thomas R. and McLaughlin, Maura
	A. and Pennucci, Timothy T. and Ransom, Scott M. and Stairs, Ingrid
	H. and van Leeuwen, Joeri and Verbiest, Joris P. W. and Whelan, David
	G.},
  title = {A Massive Pulsar in a Compact Relativistic Binary},
  journal = {Science},
  year = {2013},
  volume = {340},
  number = {6131}
}

@ARTICLE{2013ApJ...773...78B,
  author = {{Bauswein}, A. and {Goriely}, S. and {Janka}, H.-T.},
  title = {{Systematics of Dynamical Mass Ejection, Nucleosynthesis, and Radioactively
	Powered Electromagnetic Signals from Neutron-star Mergers}},
  journal = {\apj},
  year = {2013},
  volume = {773},
  pages = {78},
  month = aug,
  eid = {78},
  adsnote = {Provided by the SAO/NASA Astrophysics Data System},
  adsurl = {http://adsabs.harvard.edu/abs/2013ApJ...773...78B},
  doi = {10.1088/0004-637X/773/1/78}
}


@ARTICLE{1992ApJ...400..175B,
  author = {{Bildsten}, L. and {Cutler}, C.},
  title = {{Tidal interactions of inspiraling compact binaries}},
  journal = {Astrophys. J.},
  year = {1992},
  volume = {400},
  pages = {175-180},
  month = nov,
  adsnote = {Provided by the SAO/NASA Astrophysics Data System},
  adsurl = {http://adsabs.harvard.edu/abs/1992ApJ...400..175B},
  doi = {10.1086/171983},
  keywords = {BINARY STARS, BLACK HOLES (ASTRONOMY), GAMMA RAY BURSTS, GRAVITATIONAL
	EFFECTS, NEUTRON STARS, STELLAR GRAVITATION, GALACTIC EVOLUTION,
	MASS TRANSFER, STELLAR MASS ACCRETION}
}

@ARTICLE{1992ApJ...398..234K,
  author = {{Kochanek}, C.~S.},
  title = {{Coalescing binary neutron stars}},
  journal = {\apj},
  year = {1992},
  volume = {398},
  pages = {234-247},
  month = oct,
  adsnote = {Provided by the SAO/NASA Astrophysics Data System},
  adsurl = {http://adsabs.harvard.edu/abs/1992ApJ...398..234K},
  doi = {10.1086/171851},
  keywords = {BINARY STARS, COALESCING, NEUTRON STARS, STELLAR EVOLUTION, COMPUTATIONAL
	ASTROPHYSICS, GRAVITATIONAL WAVES, HYDRODYNAMIC EQUATIONS, STELLAR
	INTERIORS, STELLAR MODELS, VISCOSITY}
}


@ARTICLE{2013arXiv1311.4443B,
  author = {{Bernuzzi}, S. and {Dietrich}, T. and {Tichy}, W. and {Bruegmann},
	B. },
  title = {{Mergers of binary neutron stars with realistic spin}},
  journal = {ArXiv e-prints},
  year = {2013},
  month = nov,
  adsnote = {Provided by the SAO/NASA Astrophysics Data System},
  adsurl = {http://adsabs.harvard.edu/abs/2013arXiv1311.4443B},
  archiveprefix = {arXiv},
  eprint = {1311.4443},
  keywords = {General Relativity and Quantum Cosmology},
  primaryclass = {gr-qc}
}

@ARTICLE{2012ApJ...759...52D,
  author = {{Dominik}, M. and {Belczynski}, K. and {Fryer}, C. and {Holz}, D.~E.
	and {Berti}, E. and {Bulik}, T. and {Mandel}, I. and {O'Shaughnessy},
	R. },
  title = {{Double Compact Objects. I. The Significance of the Common Envelope
	on Merger Rates}},
  journal = {\apj},
  year = {2012},
  volume = {759},
  pages = {52},
  month = nov,
  eid = {52},
  adsnote = {Provided by the SAO/NASA Astrophysics Data System},
  adsurl = {http://adsabs.harvard.edu/abs/2012ApJ...759...52D}
}

@ARTICLE{2011MNRAS.418..427S,
  author = {{Stergioulas}, N. and {Bauswein}, A. and {Zagkouris}, K. and {Janka},
	H.-T.},
  title = {{Gravitational waves and non-axisymmetric oscillation modes in mergers
	of compact object binaries}},
  journal = {Mon. Not. Roy. Astron. Soc.},
  year = {2011},
  volume = {418},
  pages = {427-436},
  month = nov,
  adsnote = {Provided by the SAO/NASA Astrophysics Data System},
  adsurl = {http://adsabs.harvard.edu/abs/2011MNRAS.418..427S},
  doi = {10.1111/j.1365-2966.2011.19493.x},
  keywords = {asteroseismology, equation of state, gravitational waves, methods:
	numerical, stars: neutron, stars: oscillation}
}

@ARTICLE{2006PhRvD..73f4027S,
   author = {{Shibata}, M. and {Taniguchi}, K.},
    title = "{Merger of binary neutron stars to a black hole: Disk mass, short gamma-ray bursts, and quasinormal mode ringing}",
  journal = {\prd},
   eprint = {astro-ph/0603145},
 keywords = {Numerical relativity, Gravitational waves: theory, Relativistic stars: structure stability and oscillations},
     year = 2006,
    month = mar,
   volume = 73,
   number = 6,
      eid = {064027},
    pages = {064027},
      doi = {10.1103/PhysRevD.73.064027},
   adsurl = {http://adsabs.harvard.edu/abs/2006PhRvD..73f4027S},
  adsnote = {Provided by the SAO/NASA Astrophysics Data System}
}


@ARTICLE{2013PhRvL.111m1101B,
  author = {{Bauswein}, A. and {Baumgarte}, T.~W. and {Janka}, H.-T.},
  title = {{Prompt Merger Collapse and the Maximum Mass of Neutron Stars}},
  journal = {\prl},
  year = {2013},
  volume = {111},
  pages = {131101},
  number = {13},
  month = sep,
  eid = {131101},
  adsnote = {Provided by the SAO/NASA Astrophysics Data System},
  adsurl = {http://adsabs.harvard.edu/abs/2013PhRvL.111m1101B},
  doi = {10.1103/PhysRevLett.111.131101}
}


@ARTICLE{2012PhRvL.108a1101B,
   author = {{Bauswein}, A. and {Janka}, H.-T.},
    title = "{Measuring Neutron-Star Properties via Gravitational Waves from Neutron-Star Mergers}",
  journal = {Physical Review Letters},
archivePrefix = "arXiv",
   eprint = {1106.1616},
 primaryClass = "astro-ph.SR",
 keywords = {Wave generation and sources, Equations of state of neutron-star matter, Gravitational radiation magnetic fields and other observations, Neutron stars},
     year = 2012,
    month = jan,
   volume = 108,
   number = 1,
      eid = {011101},
    pages = {011101},
      doi = {10.1103/PhysRevLett.108.011101},
   adsurl = {http://adsabs.harvard.edu/abs/2012PhRvL.108a1101B},
  adsnote = {Provided by the SAO/NASA Astrophysics Data System}
}


@ARTICLE{2011PhRvD..83f4031G,
   author = {{Gaertig}, E. and {Kokkotas}, K.~D.},
    title = "{Gravitational wave asteroseismology with fast rotating neutron stars}",
  journal = {\prd},
archivePrefix = "arXiv",
   eprint = {1005.5228},
 primaryClass = "astro-ph.SR",
 keywords = {Wave generation and sources, Relativistic stars: structure stability and oscillations, Relativity and gravitation, Pulsations oscillations and stellar seismology},
     year = 2011,
    month = mar,
   volume = 83,
   number = 6,
      eid = {064031},
    pages = {064031},
      doi = {10.1103/PhysRevD.83.064031},
   adsurl = {http://adsabs.harvard.edu/abs/2011PhRvD..83f4031G},
  adsnote = {Provided by the SAO/NASA Astrophysics Data System}
}


@ARTICLE{1998MNRAS.299.1059A,
   author = {{Andersson}, N. and {Kokkotas}, K.~D.},
    title = "{Towards gravitational wave asteroseismology}",
  journal = {Mon. Not. Roy. Astron. Soc.},
   eprint = {gr-qc/9711088},
 keywords = {RADIATION MECHANISMS: NON-THERMAL, STARS: NEUTRON},
     year = 1998,
    month = oct,
   volume = 299,
    pages = {1059-1068},
      doi = {10.1046/j.1365-8711.1998.01840.x},
   adsurl = {http://adsabs.harvard.edu/abs/1998MNRAS.299.1059A},
  adsnote = {Provided by the SAO/NASA Astrophysics Data System}
}

@ARTICLE{2013PhRvD..88d4052D,
   author = {{Doneva}, D.~D. and {Gaertig}, E. and {Kokkotas}, K.~D. and 
	{Kr{\"u}ger}, C.},
    title = "{Gravitational wave asteroseismology of fast rotating neutron stars with realistic equations of state}",
  journal = {\prd},
archivePrefix = "arXiv",
   eprint = {1305.7197},
 primaryClass = "astro-ph.SR",
 keywords = {Wave generation and sources, Relativistic stars: structure stability and oscillations, Relativity and gravitation, Pulsations oscillations and stellar seismology},
     year = 2013,
    month = aug,
   volume = 88,
   number = 4,
      eid = {044052},
    pages = {044052},
      doi = {10.1103/PhysRevD.88.044052},
   adsurl = {http://adsabs.harvard.edu/abs/2013PhRvD..88d4052D},
  adsnote = {Provided by the SAO/NASA Astrophysics Data System}
}




@ARTICLE{2011PhRvD..84d4017B,
   author = {{Burgio}, G.~F. and {Ferrari}, V. and {Gualtieri}, L. and {Schulze}, H.-J.
	},
    title = "{Oscillations of hot, young neutron stars: Gravitational wave frequencies and damping times}",
  journal = {\prd},
archivePrefix = "arXiv",
   eprint = {1106.2736},
 primaryClass = "astro-ph.SR",
 keywords = {Wave generation and sources, Equations of state of neutron-star matter, Pulsations oscillations and stellar seismology, Neutron stars},
     year = 2011,
    month = aug,
   volume = 84,
   number = 4,
      eid = {044017},
    pages = {044017},
      doi = {10.1103/PhysRevD.84.044017},
   adsurl = {http://adsabs.harvard.edu/abs/2011PhRvD..84d4017B},
  adsnote = {Provided by the SAO/NASA Astrophysics Data System}
}

@ARTICLE{2000ApJ...544..397S,
   author = {{Shapiro}, S.~L.},
    title = "{Differential Rotation in Neutron Stars: Magnetic Braking and Viscous Damping}",
  journal = {\apj},
   eprint = {astro-ph/0010493},
 keywords = {Gamma Rays: Theory, Gravitation, Magnetohydrodynamics: MHD, Relativity, Stars: Neutron, Stars: Rotation},
     year = 2000,
    month = nov,
   volume = 544,
    pages = {397-408},
      doi = {10.1086/317209},
   adsurl = {http://adsabs.harvard.edu/abs/2000ApJ...544..397S},
  adsnote = {Provided by the SAO/NASA Astrophysics Data System}
}


@article{Klimenko:2007hd,
    Author = {S. Klimenko and I. Yakushin and A. Mercer and G. Mitselmakher},
    Journal = {Class. Quant. Grav.},
    Number = {11},
    Pages = {114029},
    Title = {A coherent method for detection of gravitational wave bursts},
    Volume = {25},
    Year = {2008}}


@article{Klimenko:2005wa,
    Author = {S. Klimenko and S. Mohanty and M. Rakhmanov and G. Mitselmakher},
    Journal = {Physical Review D},
    Month = {December},
    Number = {12},
    Pages = {122002},
    Title = {Constraint likelihood analysis for a network of gravitational wave detectors},
    Volume = {72},
    Year = {2005}}


@article{Abadie:2011aa,
    Author = {{The LIGO Scientific Collaboration} and {the Virgo Collaboration: J. Abadie, et al.}},
    Journal = {Physical Review D},
    Number = {12},
    Title = {Search for gravitational waves from binary black hole inspiral, merger, and ringdown},
    Volume = {83},
    Year = {2011}}


@article{Aasi:2013aa,
    Author = {{The LIGO Scientific Collaboration} and {the Virgo Collaboration: J. Aasi, et al.}},
    Journal = {Physical Review D},
    Number = {2},
    Title = {Search for gravitational waves from binary black hole inspiral, merger, and ringdown in LIGO-Virgo data from 2009--2010},
    Volume = {87},
    Year = {2013}}


@article{Abadie:2012aa,
    Author = {{The LIGO Scientific Collaboration} and {the Virgo Collaboration: J. Abadie, et al.}},
    Journal = {Physical Review D},
    Number = {10},
    Title = {Search for gravitational waves from intermediate mass binary black holes},
    Volume = {85},
    Year = {2012}}


@article{Aasi:2014aa,
    Author = {{The LIGO Scientific Collaboration} and {the Virgo Collaboration: J. Abadie, et al.}},
    Date-Added = {2014-04-21 19:38:26 +0000},
    Date-Modified = {2014-04-21 19:38:26 +0000},
    Eprint = {1404.2199},
    Month = {04},
    Url = {http://arxiv.org/abs/1404.2199},
    Year = {2014},
    Bdsk-Url-1 = {http://arxiv.org/abs/1404.2199}}

@article{PhysRevD84124052,
  title = {Inspiral-merger-ringdown multipolar waveforms of nonspinning black-hole binaries using the effective-one-body formalism},
  author = {Pan, Yi and Buonanno, Alessandra and Boyle, Michael and Buchman, Luisa T. and Kidder, Lawrence E. and Pfeiffer, Harald P. and Scheel, Mark A.},
  journal = {Phys. Rev. D},
  volume = {84},
  issue = {12},
  pages = {124052},
  numpages = {26},
  year = {2011},
  month = {Dec},
  publisher = {American Physical Society},
  doi = {10.1103/PhysRevD.84.124052},
  url = {http://link.aps.org/doi/10.1103/PhysRevD.84.124052}
}

@article{PhysRevLett106241101,
  title = {Inspiral-Merger-Ringdown Waveforms for Black-Hole Binaries with Nonprecessing Spins},
  author = {Ajith, P. and Hannam, M. and Husa, S. and Chen, Y. and Br\"ugmann, B. and Dorband, N. and M\"uller, D. and Ohme, F. and Pollney, D. and Reisswig, C. and Santamar\'ia, L. and Seiler, J.},
  journal = {Phys. Rev. Lett.},
  volume = {106},
  issue = {24},
  pages = {241101},
  numpages = {4},
  year = {2011},
  month = {Jun},
  publisher = {American Physical Society},
  doi = {10.1103/PhysRevLett.106.241101},
  url = {http://link.aps.org/doi/10.1103/PhysRevLett.106.241101}
}

% --- BNS tidal effects
@ARTICLE{2008PhRvD..77b1502F,
   author = {{Flanagan}, {\'E}.~{\'E}. and {Hinderer}, T.},
    title = "{Constraining neutron-star tidal Love numbers with gravitational-wave detectors}",
  journal = {\prd},
archivePrefix = "arXiv",
   eprint = {0709.1915},
 keywords = {Wave generation and sources, Relativistic stars: structure stability and oscillations, Gravitational radiation magnetic fields and other observations, Neutron stars},
     year = 2008,
    month = jan,
   volume = 77,
   number = 2,
      eid = {021502},
    pages = {021502},
      doi = {10.1103/PhysRevD.77.021502},
   adsurl = {http://adsabs.harvard.edu/abs/2008PhRvD..77b1502F},
  adsnote = {Provided by the SAO/NASA Astrophysics Data System}
}

@ARTICLE{2010PhRvL.105z1101B,
   author = {{Baiotti}, L. and {Damour}, T. and {Giacomazzo}, B. and {Nagar}, A. and 
    {Rezzolla}, L.},
    title = "{Analytic Modeling of Tidal Effects in the Relativistic Inspiral of Binary Neutron Stars}",
  journal = prl,
archivePrefix = "arXiv",
   eprint = {1009.0521},
 primaryClass = "gr-qc",
 keywords = {Wave generation and sources, Numerical studies of other relativistic binaries, Post-Newtonian approximation, perturbation theory, related approximations, Relativity and gravitation},
     year = 2010,
    month = dec,
   volume = 105,
   number = 26,
      eid = {261101},
    pages = {261101},
      doi = {10.1103/PhysRevLett.105.261101},
   adsurl = {http://adsabs.harvard.edu/abs/2010PhRvL.105z1101B},
  adsnote = {Provided by the SAO/NASA Astrophysics Data System}
}

@ARTICLE{2012PhRvD..86d4030B,
   author = {{Bernuzzi}, S. and {Nagar}, A. and {Thierfelder}, M. and {Br{\"u}gmann}, B.
    },
    title = "{Tidal effects in binary neutron star coalescence}",
  journal = {\prd},
archivePrefix = "arXiv",
   eprint = {1205.3403},
 primaryClass = "gr-qc",
 keywords = {Wave generation and sources},
     year = 2012,
    month = aug,
   volume = 86,
   number = 4,
      eid = {044030},
    pages = {044030},
      doi = {10.1103/PhysRevD.86.044030},
   adsurl = {http://adsabs.harvard.edu/abs/2012PhRvD..86d4030B},
  adsnote = {Provided by the SAO/NASA Astrophysics Data System}
}

@ARTICLE{2009PhRvD..79l4033R,
   author = {{Read}, J.~S. and {Markakis}, C. and {Shibata}, M. and {Ury{\= u}}, K. and 
    {Creighton}, J.~D.~E. and {Friedman}, J.~L.},
    title = "{Measuring the neutron star equation of state with gravitational wave observations}",
  journal = {\prd},
archivePrefix = "arXiv",
   eprint = {0901.3258},
 primaryClass = "gr-qc",
 keywords = {Numerical studies of other relativistic binaries, Post-Newtonian approximation, perturbation theory, related approximations, Gravitational-wave astrophysics, Equations of state of neutron-star matter},
     year = 2009,
    month = jun,
   volume = 79,
   number = 12,
      eid = {124033},
    pages = {124033},
      doi = {10.1103/PhysRevD.79.124033},
   adsurl = {http://adsabs.harvard.edu/abs/2009PhRvD..79l4033R},
  adsnote = {Provided by the SAO/NASA Astrophysics Data System}
}

@article{PhysRevD.78.084033,
  title = {Accurate evolutions of inspiralling neutron-star binaries: Prompt and delayed collapse to a black hole},
  author = {{Baiotti}, L. and {Giacomazzo}, B. and {Rezzolla}, L.},
  journal = prd,
  volume = {78},
  issue = {8},
  pages = {084033},
  numpages = {37},
  year = {2008},
  month = {Oct},
  publisher = {American Physical Society},
  doi = {10.1103/PhysRevD.78.084033},
  url = {http://link.aps.org/doi/10.1103/PhysRevD.78.084033}
}

@ARTICLE{1994PhRvD..50.6247Z,
   author = {{Zhuge}, X. and {Centrella}, J.~M. and {McMillan}, S.~L.~W.},
    title = "{Gravitational radiation from coalescing binary neutron stars}",
  journal = {\prd},
   eprint = {gr-qc/9411029},
 keywords = {Wave generation and sources, Gravitational wave detectors and experiments, Neutron stars, Binary and multiple stars},
     year = 1994,
    month = nov,
   volume = 50,
    pages = {6247-6261},
      doi = {10.1103/PhysRevD.50.6247},
   adsurl = {http://adsabs.harvard.edu/abs/1994PhRvD..50.6247Z},
  adsnote = {Provided by the SAO/NASA Astrophysics Data System}
}

@ARTICLE{1996A&A...311..532R,
   author = {{Ruffert}, M. and {Janka}, H.-T. and {Schaefer}, G.},
    title = "{Coalescing neutron stars - a step towards physical models. I. Hydrodynamic evolution and gravitational-wave emission.}",
  journal = {Astron. Astrophys.},
   eprint = {astro-ph/9509006},
 keywords = {HYDRODYNAMICS, BINARIES: CLOSE, STARS: NEUTRON, GRAVITATION: WAVES, GAMMA RAYS: BURSTS},
     year = 1996,
    month = jul,
   volume = 311,
    pages = {532-566},
   adsurl = {http://adsabs.harvard.edu/abs/1996A%26A...311..532R},
  adsnote = {Provided by the SAO/NASA Astrophysics Data System}
}

@ARTICLE{2005PhRvL..94t1101S,
   author = {{Shibata}, M.},
    title = "{Constraining Nuclear Equations of State Using Gravitational Waves from Hypermassive Neutron Stars}",
  journal = prl,
   eprint = {gr-qc/0504082},
     year = 2005,
    month = may,
   volume = 94,
   number = 20,
      eid = {201101},
    pages = {201101},
      doi = {10.1103/PhysRevLett.94.201101},
   adsurl = {http://adsabs.harvard.edu/abs/2005PhRvL..94t1101S},
  adsnote = {Provided by the SAO/NASA Astrophysics Data System}
}

@ARTICLE{2007PhRvL..99l1102O,
   author = {{Oechslin}, R. and {Janka}, H.-T.},
    title = "{Gravitational Waves from Relativistic Neutron-Star Mergers with Microphysical Equations of State}",
  journal = prl,
   eprint = {astro-ph/0702228},
 keywords = {Wave generation and sources, Hydrodynamics, Gravitational radiation magnetic fields and other observations, Neutron stars},
     year = 2007,
    month = sep,
   volume = 99,
   number = 12,
      eid = {121102},
    pages = {121102},
      doi = {10.1103/PhysRevLett.99.121102},
   adsurl = {http://adsabs.harvard.edu/abs/2007PhRvL..99l1102O},
  adsnote = {Provided by the SAO/NASA Astrophysics Data System}
}

@ARTICLE{2008PhRvD..77b4006A,
   author = {{Anderson}, M. and {Hirschmann}, E.~W. and {Lehner}, L. and 
    {Liebling}, S.~L. and {Motl}, P.~M. and {Neilsen}, D. and {Palenzuela}, C. and 
    {Tohline}, J.~E.},
    title = "{Simulating binary neutron stars: Dynamics and gravitational waves}",
  journal = {\prd},
archivePrefix = "arXiv",
   eprint = {0708.2720},
 primaryClass = "gr-qc",
 keywords = {Numerical studies of other relativistic binaries},
     year = 2008,
    month = jan,
   volume = 77,
   number = 2,
      eid = {024006},
    pages = {024006},
      doi = {10.1103/PhysRevD.77.024006},
   adsurl = {http://adsabs.harvard.edu/abs/2008PhRvD..77b4006A},
  adsnote = {Provided by the SAO/NASA Astrophysics Data System}
}

@ARTICLE{2008PhRvD..78b4012L,
   author = {{Liu}, Y.~T. and {Shapiro}, S.~L. and {Etienne}, Z.~B. and {Taniguchi}, K.
    },
    title = "{General relativistic simulations of magnetized binary neutron star mergers}",
  journal = {\prd},
archivePrefix = "arXiv",
   eprint = {0803.4193},
 keywords = {Numerical relativity, Numerical studies of other relativistic binaries, Gravitational waves: theory},
     year = 2008,
    month = jul,
   volume = 78,
   number = 2,
      eid = {024012},
    pages = {024012},
      doi = {10.1103/PhysRevD.78.024012},
   adsurl = {http://adsabs.harvard.edu/abs/2008PhRvD..78b4012L},
  adsnote = {Provided by the SAO/NASA Astrophysics Data System}
}

@ARTICLE{2009PhRvD..80f4037K,
   author = {{Kiuchi}, K. and {Sekiguchi}, Y. and {Shibata}, M. and {Taniguchi}, K.
    },
    title = "{Long-term general relativistic simulation of binary neutron stars collapsing to a black hole}",
  journal = {\prd},
archivePrefix = "arXiv",
   eprint = {0904.4551},
 primaryClass = "gr-qc",
 keywords = {Numerical relativity, Gravitational waves: theory, Relativistic stars: structure, stability, and oscillations, Numerical relativity, Gravitational waves: theory, Relativistic stars: structure stability and oscillations},
     year = 2009,
    month = sep,
   volume = 80,
   number = 6,
      eid = {064037},
    pages = {064037},
      doi = {10.1103/PhysRevD.80.064037},
   adsurl = {http://adsabs.harvard.edu/abs/2009PhRvD..80f4037K},
  adsnote = {Provided by the SAO/NASA Astrophysics Data System}
}

@ARTICLE{2011PhRvD..83d4014G,
   author = {{Giacomazzo}, B. and {Rezzolla}, L. and {Baiotti}, L.},
    title = "{Accurate evolutions of inspiralling and magnetized neutron stars: Equal-mass binaries}",
  journal = {\prd},
archivePrefix = "arXiv",
   eprint = {1009.2468},
 primaryClass = "gr-qc",
 keywords = {Wave generation and sources, Relativistic stars: structure stability and oscillations, Magnetohydrodynamics and plasmas, Neutron stars},
     year = 2011,
    month = feb,
   volume = 83,
   number = 4,
      eid = {044014},
    pages = {044014},
      doi = {10.1103/PhysRevD.83.044014},
   adsurl = {http://adsabs.harvard.edu/abs/2011PhRvD..83d4014G},
  adsnote = {Provided by the SAO/NASA Astrophysics Data System}
}

@ARTICLE{2011PhRvD..83l4008H,
   author = {{Hotokezaka}, K. and {Kyutoku}, K. and {Okawa}, H. and {Shibata}, M. and 
    {Kiuchi}, K.},
    title = "{Binary neutron star mergers: Dependence on the nuclear equation of state}",
  journal = {\prd},
archivePrefix = "arXiv",
   eprint = {1105.4370},
 primaryClass = "astro-ph.HE",
 keywords = {Numerical studies of other relativistic binaries, Wave generation and sources, Neutron stars},
     year = 2011,
    month = jun,
   volume = 83,
   number = 12,
      eid = {124008},
    pages = {124008},
      doi = {10.1103/PhysRevD.83.124008},
   adsurl = {http://adsabs.harvard.edu/abs/2011PhRvD..83l4008H},
  adsnote = {Provided by the SAO/NASA Astrophysics Data System}
}

@ARTICLE{2011PhRvL.107e1102S,
   author = {{Sekiguchi}, Y. and {Kiuchi}, K. and {Kyutoku}, K. and {Shibata}, M.
    },
    title = "{Gravitational Waves and Neutrino Emission from the Merger of Binary Neutron Stars}",
  journal = {prl},
archivePrefix = "arXiv",
   eprint = {1105.2125},
 primaryClass = "gr-qc",
 keywords = {Numerical relativity, Gravitational waves: theory, Relativistic stars: structure stability and oscillations, Neutrino muon pion and other elementary particles, cosmic rays},
     year = 2011,
    month = jul,
   volume = 107,
   number = 5,
      eid = {051102},
    pages = {051102},
      doi = {10.1103/PhysRevLett.107.051102},
   adsurl = {http://adsabs.harvard.edu/abs/2011PhRvL.107e1102S},
  adsnote = {Provided by the SAO/NASA Astrophysics Data System}
}

@ARTICLE{2013MNRAS.430.2585R,
   author = {{Rosswog}, S. and {Piran}, T. and {Nakar}, E.},
    title = "{The multimessenger picture of compact object encounters: binary mergers versus dynamical collisions}",
  journal = {Mon. Not. Roy. Astron. Soc.},
archivePrefix = "arXiv",
   eprint = {1204.6240},
 primaryClass = "astro-ph.HE",
 keywords = {black hole physics, gravitational waves, neutrinos, nuclear reactions, nucleosynthesis, abundances, radiation mechanisms: non-thermal, gamma-ray bursts},
     year = 2013,
    month = apr,
   volume = 430,
    pages = {2585-2604},
      doi = {10.1093/mnras/sts708},
   adsurl = {http://adsabs.harvard.edu/abs/2013MNRAS.430.2585R},
  adsnote = {Provided by the SAO/NASA Astrophysics Data System}
}

@ARTICLE{2000ApJ...528L..29B,
   author = {{Baumgarte}, T.~W. and {Shapiro}, S.~L. and {Shibata}, M.},
    title = "{On the Maximum Mass of Differentially Rotating Neutron Stars}",
  journal = {Astrophys. J. Lett.},
   eprint = {astro-ph/9910565},
 keywords = {BLACK HOLE PHYSICS, RELATIVITY, STARS: NEUTRON, STARS: ROTATION},
     year = 2000,
    month = jan,
   volume = 528,
    pages = {L29-L32},
      doi = {10.1086/312425},
   adsurl = {http://adsabs.harvard.edu/abs/2000ApJ...528L..29B},
  adsnote = {Provided by the SAO/NASA Astrophysics Data System}
}

@ARTICLE{2005PhRvD..71h4021S,
   author = {{Shibata}, M. and {Taniguchi}, K. and {Ury{\= u}}, K.},
    title = "{Merger of binary neutron stars with realistic equations of state in full general relativity}",
  journal = {\prd},
   eprint = {gr-qc/0503119},
 keywords = {Numerical relativity, Gravitational waves: theory, Relativistic stars: structure stability and oscillations},
     year = 2005,
    month = apr,
   volume = 71,
   number = 8,
      eid = {084021},
    pages = {084021},
      doi = {10.1103/PhysRevD.71.084021},
   adsurl = {http://adsabs.harvard.edu/abs/2005PhRvD..71h4021S},
  adsnote = {Provided by the SAO/NASA Astrophysics Data System}
}


@article{lrr-2012-4,
  title    = {Gravitational-Wave Data Analysis. Formalism and Sample Applications: The Gaussian Case},
  author   = {Piotr Jaranowski and Andrzej KrÃ³lak},
  journal  = {Living Reviews in Relativity},
  year     = {2012},
  number   = {4},
  volume   = {15},
  keywords = {parameter estimation, signal detection, gravitational waves},
  doi      = {10.12942/lrr-2012-4},
  url      = {http://www.livingreviews.org/lrr-2012-4}
}

@ARTICLE{1998PhRvC..58.1804A,
   author = {{Akmal}, A. and {Pandharipande}, V.~R. and {Ravenhall}, D.~G.
	},
    title = "{Equation of state of nucleon matter and neutron star structure}",
  journal = {\prc},
   eprint = {nucl-th/9804027},
 keywords = {Nuclear matter, Nuclear matter aspects of neutron stars, Neutron stars},
     year = 1998,
    month = sep,
   volume = 58,
    pages = {1804-1828},
      doi = {10.1103/PhysRevC.58.1804},
   adsurl = {http://adsabs.harvard.edu/abs/1998PhRvC..58.1804A},
  adsnote = {Provided by the SAO/NASA Astrophysics Data System}
}

@ARTICLE{1997PhRvC..55..540L,
   author = {{Lalazissis}, G.~A. and {K{\"o}nig}, J. and {Ring}, P.},
    title = "{New parametrization for the Lagrangian density of relativistic mean field theory}",
  journal = {\prc},
 keywords = {Nuclear structure models and methods, Lagrangian and Hamiltonian approach, Properties of nuclei; nuclear energy levels, Forces in hadronic systems and effective interactions},
     year = 1997,
    month = jan,
   volume = 55,
    pages = {540-543},
      doi = {10.1103/PhysRevC.55.540},
   adsurl = {http://adsabs.harvard.edu/abs/1997PhRvC..55..540L},
  adsnote = {Provided by the SAO/NASA Astrophysics Data System}
}

@ARTICLE{2010NuPhA.837..210H,
   author = {{Hempel}, M. and {Schaffner-Bielich}, J.},
    title = "{A statistical model for a complete supernova equation of state}",
  journal = {Nucl. Phys. A },
 keywords = {Nuclear matter, Liquid{\ndash}gas phase transition, Equation of state, Supernovae, Nuclear statistical equilibrium, Excluded volume},
     year = 2010,
    month = jun,
   volume = 837,
    pages = {210-254},
      doi = {10.1016/j.nuclphysa.2010.02.010},
   adsurl = {http://adsabs.harvard.edu/abs/2010NuPhA.837..210H},
  adsnote = {Provided by the SAO/NASA Astrophysics Data System}
}

@ARTICLE{2010PhRvC..81a5803T,
   author = {{Typel}, S. and {R{\"o}pke}, G. and {Kl{\"a}hn}, T. and {Blaschke}, D. and 
	{Wolter}, H.~H.},
    title = "{Composition and thermodynamics of nuclear matter with light clusters}",
  journal = {\prc},
 keywords = {Equations of state of nuclear matter, Nuclear physics aspects of novae, supernovae, and other explosive environments, Forces in hadronic systems and effective interactions, Relativistic heavy-ion collisions},
     year = 2010,
    month = jan,
   volume = 81,
   number = 1,
      eid = {015803},
    pages = {015803},
      doi = {10.1103/PhysRevC.81.015803},
   adsurl = {http://adsabs.harvard.edu/abs/2010PhRvC..81a5803T},
  adsnote = {Provided by the SAO/NASA Astrophysics Data System}
}

@ARTICLE{1998NuPhA.637..435S,
   author = {{Shen}, H. and {Toki}, H. and {Oyamatsu}, K. and {Sumiyoshi}, K.
	},
    title = "{Relativistic equation of state of nuclear matter for supernova and neutron star.}",
  journal = {Nucl. Phys. A},
 keywords = {Neutron Stars: Supernovae, Neutron Stars: Equation of State},
     year = 1998,
    month = jul,
   volume = 637,
    pages = {435-450},
      doi = {10.1016/S0375-9474(98)00236-X},
   adsurl = {http://adsabs.harvard.edu/abs/1998NuPhA.637..435S},
  adsnote = {Provided by the SAO/NASA Astrophysics Data System}
}


@ARTICLE{1994NuPhA.579..557S,
   author = {{Sugahara}, Y. and {Toki}, H.},
    title = "{Relativistic mean-field theory for unstable nuclei with non-linear {$\sigma$} and {$\omega$} terms}",
  journal = {Nuclear Physics A},
     year = 1994,
    month = oct,
   volume = 579,
    pages = {557-572},
      doi = {10.1016/0375-9474(94)90923-7},
   adsurl = {http://adsabs.harvard.edu/abs/1994NuPhA.579..557S},
  adsnote = {Provided by the SAO/NASA Astrophysics Data System}
}

@ARTICLE{2012ApJ...748...70H,
   author = {{Hempel}, M. and {Fischer}, T. and {Schaffner-Bielich}, J. and 
	{Liebend{\"o}rfer}, M.},
    title = "{New Equations of State in Simulations of Core-collapse Supernovae}",
  journal = {\apj},
 keywords = {dense matter, hydrodynamics, equation of state, nuclear reactions, nucleosynthesis, abundances, stars: neutron, supernovae: general },
     year = 2012,
    month = mar,
   volume = 748,
      eid = {70},
    pages = {70},
      doi = {10.1088/0004-637X/748/1/70},
   adsurl = {http://adsabs.harvard.edu/abs/2012ApJ...748...70H},
  adsnote = {Provided by the SAO/NASA Astrophysics Data System}
}


@ARTICLE{1995NuPhA.588..357T,
   author = {{Toki}, H. and {Hirata}, D. and {Sugahara}, Y. and {Sumiyoshi}, K. and 
	{Tanihata}, I.},
    title = "{Relativistic many body approach for unstable nuclei and supernova}",
  journal = {Nuclear Physics A},
     year = 1995,
    month = feb,
   volume = 588,
    pages = {357-363},
      doi = {10.1016/0375-9474(95)00161-S},
   adsurl = {http://adsabs.harvard.edu/abs/1995NuPhA.588..357T},
  adsnote = {Provided by the SAO/NASA Astrophysics Data System}
}




@ARTICLE{2013ApJ...774...17S,
   author = {{Steiner}, A.~W. and {Hempel}, M. and {Fischer}, T.},
    title = "{Core-collapse Supernova Equations of State Based on Neutron Star Observations}",
  journal = {Astrophys. J.},
archivePrefix = "arXiv",
   eprint = {1207.2184},
 primaryClass = "astro-ph.SR",
 keywords = {equation of state, dense matter, hydrodynamics, stars: neutron, supernovae: general },
     year = 2013,
    month = sep,
   volume = 774,
      eid = {17},
    pages = {17},
      doi = {10.1088/0004-637X/774/1/17},
   adsurl = {http://adsabs.harvard.edu/abs/2013ApJ...774...17S},
  adsnote = {Provided by the SAO/NASA Astrophysics Data System}
}


@ARTICLE{2014arXiv1403.5301B,
   author = {{Bauswein}, A. and {Stergioulas}, N. and {Janka}, H.-T.},
    title = "{Revealing the high-density equation of state through binary neutron star mergers}",
  journal = {\prd},
archivePrefix = "arXiv",
   eprint = {1403.5301},
 primaryClass = "astro-ph.SR",
 keywords = {Equations of state of neutron-star matter, Neutron stars, Wave generation and sources, Gravitational radiation magnetic fields and other observations},
     year = 2014,
    month = jul,
   volume = 90,
   number = 2,
      eid = {023002},
    pages = {023002},
      doi = {10.1103/PhysRevD.90.023002},
   adsurl = {http://adsabs.harvard.edu/abs/2014PhRvD..90b3002B},
  adsnote = {Provided by the SAO/NASA Astrophysics Data System}
}


@ARTICLE{2010NJPh...12e3034S,
   author = {{Sutton}, P.~J. and {Jones}, G. and {Chatterji}, S. and {Kalmus}, P. and 
    {Leonor}, I. and {Poprocki}, S. and {Rollins}, J. and {Searle}, A. and 
    {Stein}, L. and {Tinto}, M. and {Was}, M.},
    title = "{X-Pipeline: an analysis package for autonomous gravitational-wave burst searches}",
  journal = {New Journal of Physics},
archivePrefix = "arXiv",
   eprint = {0908.3665},
 primaryClass = "gr-qc",
     year = 2010,
    month = may,
   volume = 12,
   number = 5,
      eid = {053034},
    pages = {053034},
      doi = {10.1088/1367-2630/12/5/053034},
   adsurl = {http://adsabs.harvard.edu/abs/2010NJPh...12e3034S},
  adsnote = {Provided by the SAO/NASA Astrophysics Data System}
}

@ARTICLE{2004CQGra..21S1809C,
   author = {{Chatterji}, S. and {Blackburn}, L. and {Martin}, G. and {Katsavounidis}, E.
    },
    title = "{Multiresolution techniques for the detection of gravitational-wave bursts}",
  journal = {Classical and Quantum Gravity},
   eprint = {gr-qc/0412119},
     year = 2004,
    month = oct,
   volume = 21,
    pages = {1809},
      doi = {10.1088/0264-9381/21/20/024},
   adsurl = {http://adsabs.harvard.edu/abs/2004CQGra..21S1809C},
  adsnote = {Provided by the SAO/NASA Astrophysics Data System}
}

@ARTICLE{2004CQGra..21S1819K,
   author = {{Klimenko}, S. and {Mitselmakher}, G.},
    title = "{A wavelet method for detection of gravitational wave bursts}",
  journal = {Classical and Quantum Gravity},
     year = 2004,
    month = oct,
   volume = 21,
    pages = {1819},
      doi = {10.1088/0264-9381/21/20/025},
   adsurl = {http://adsabs.harvard.edu/abs/2004CQGra..21S1819K},
  adsnote = {Provided by the SAO/NASA Astrophysics Data System}
}

@ARTICLE{2008ApJ...678.1142S,
   author = {{Summerscales}, T.~Z. and {Burrows}, A. and {Finn}, L.~S. and 
    {Ott}, C.~D.},
    title = "{Maximum Entropy for Gravitational Wave Data Analysis: Inferring the Physical Parameters of Core-Collapse Supernovae}",
  journal = {\apj},
archivePrefix = "arXiv",
   eprint = {0704.2157},
 keywords = {Gravitational Waves, Methods: Data Analysis, Stars: Supernovae: General},
     year = 2008,
    month = may,
   volume = 678,
    pages = {1142-1157},
      doi = {10.1086/528362},
   adsurl = {http://adsabs.harvard.edu/abs/2008ApJ...678.1142S},
  adsnote = {Provided by the SAO/NASA Astrophysics Data System}
}

@ARTICLE{2012PhRvD..86d4023L,
   author = {{Logue}, J. and {Ott}, C.~D. and {Heng}, I.~S. and {Kalmus}, P. and 
    {Scargill}, J.~H.~C.},
    title = "{Inferring core-collapse supernova physics with gravitational waves}",
  journal = {\prd},
archivePrefix = "arXiv",
   eprint = {1202.3256},
 primaryClass = "gr-qc",
 keywords = {Gravitational-wave astrophysics, Gravitational wave detectors and experiments, Time series analysis, Supernovae},
     year = 2012,
    month = aug,
   volume = 86,
   number = 4,
      eid = {044023},
    pages = {044023},
      doi = {10.1103/PhysRevD.86.044023},
   adsurl = {http://adsabs.harvard.edu/abs/2012PhRvD..86d4023L},
  adsnote = {Provided by the SAO/NASA Astrophysics Data System}
}
@ARTICLE{2009PhRvD..80j2004R,
   author = {{R{\"o}ver}, C. and {Bizouard}, M.-A. and {Christensen}, N. and 
    {Dimmelmeier}, H. and {Heng}, I.~S. and {Meyer}, R.},
    title = "{Bayesian reconstruction of gravitational wave burst signals from simulations of rotating stellar core collapse and bounce}",
  journal = {\prd},
archivePrefix = "arXiv",
   eprint = {0909.1093},
 primaryClass = "gr-qc",
 keywords = {Gravitational wave detectors and experiments, Applications of Monte Carlo methods, Time series analysis, Supernovae},
     year = 2009,
    month = nov,
   volume = 80,
   number = 10,
      eid = {102004},
    pages = {102004},
      doi = {10.1103/PhysRevD.80.102004},
   adsurl = {http://adsabs.harvard.edu/abs/2009PhRvD..80j2004R},
  adsnote = {Provided by the SAO/NASA Astrophysics Data System}
}

@ARTICLE{2012PhRvD..85l2007A,
    author = {{Abadie}, J. and others},
    title = "{All-sky search for gravitational-wave bursts in the second joint LIGO-Virgo run}",
    journal = {\prd},
    collaboration = {{LIGO Scientific Collaboration} and {Virgo Collaboration}},
    archivePrefix = "arXiv",
   eprint = {1202.2788},
   primaryClass = "gr-qc",
   keywords = {Gravitational radiation magnetic fields and other observations, Gravitational wave detectors and experiments, Data analysis: algorithms and implementation, data management, Relativity and gravitation},
   year = 2012,
   month = jun,
   volume = 85,
   number = 12,
   eid = {122007},
   pages = {122007},
   doi = {10.1103/PhysRevD.85.122007},
   adsurl = {http://adsabs.harvard.edu/abs/2012PhRvD..85l2007A},
   adsnote = {Provided by the SAO/NASA Astrophysics Data System}
}
@ARTICLE{2001PhRvD..63d2003A,
   author = {{Anderson}, W.~G. and {Brady}, P.~R. and {Creighton}, J.~D. and 
    {Flanagan}, {\'E}.~{\'E}.},
    title = "{Excess power statistic for detection of burst sources of gravitational radiation}",
  journal = {\prd},
   eprint = {gr-qc/0008066},
 keywords = {Gravitational wave detectors and experiments, Data analysis: algorithms and implementation, data management, Gravitational radiation detectors, mass spectrometers, and other instrumentation and techniques},
     year = 2001,
    month = feb,
   volume = 63,
   number = 4,
      eid = {042003},
    pages = {042003},
      doi = {10.1103/PhysRevD.63.042003},
   adsurl = {http://adsabs.harvard.edu/abs/2001PhRvD..63d2003A},
  adsnote = {Provided by the SAO/NASA Astrophysics Data System}
}

@ARTICLE{2012PhRvD..85l2006A,
   author = {{Allen}, B. and {Anderson}, W.~G. and {Brady}, P.~R. and {Brown}, D.~A. and 
    {Creighton}, J.~D.~E.},
    title = "{FINDCHIRP: An algorithm for detection of gravitational waves from inspiraling compact binaries}",
  journal = {\prd},
   eprint = {gr-qc/0509116},
 keywords = {Measurement and error theory, Gravitational wave detectors and experiments},
     year = 2012,
    month = jun,
   volume = 85,
   number = 12,
      eid = {122006},
    pages = {122006},
      doi = {10.1103/PhysRevD.85.122006},
   adsurl = {http://adsabs.harvard.edu/abs/2012PhRvD..85l2006A},
  adsnote = {Provided by the SAO/NASA Astrophysics Data System}
}

@ARTICLE{2012PhRvD..85h2002A,
   author = {{Abadie}, J. and others},
    title = "{Search for gravitational waves from low mass compact binary coalescence in LIGO's sixth science run and Virgo's science runs 2 and 3}",
  journal = {\prd},
  collaboration={{LIGO Scientific Collaboration} and {Virgo Collaboration}},
archivePrefix = "arXiv",
   eprint = {1111.7314},
 primaryClass = "gr-qc",
 keywords = {Wave generation and sources, Experimental tests of gravitational theories},
     year = 2012,
    month = apr,
   volume = 85,
   number = 8,
      eid = {082002},
    pages = {082002},
      doi = {10.1103/PhysRevD.85.082002},
   adsurl = {http://adsabs.harvard.edu/abs/2012PhRvD..85h2002A},
  adsnote = {Provided by the SAO/NASA Astrophysics Data System}
}

@ARTICLE{2007PhRvD..76j4049B,
   author = {{Buonanno}, A. and {Pan}, Y. and {Baker}, J.~G. and {Centrella}, J. and 
    {Kelly}, B.~J. and {McWilliams}, S.~T. and {van Meter}, J.~R.
    },
    title = "{Approaching faithful templates for nonspinning binary black holes using the effective-one-body approach}",
  journal = {\prd},
archivePrefix = "arXiv",
   eprint = {0706.3732},
 primaryClass = "gr-qc",
 keywords = {Post-Newtonian approximation, perturbation theory, related approximations, Numerical relativity, Wave generation and sources, Classical black holes},
     year = 2007,
    month = nov,
   volume = 76,
   number = 10,
      eid = {104049},
    pages = {104049},
      doi = {10.1103/PhysRevD.76.104049},
   adsurl = {http://adsabs.harvard.edu/abs/2007PhRvD..76j4049B},
  adsnote = {Provided by the SAO/NASA Astrophysics Data System}
}

@ARTICLE{2011PhRvL.106x1101A,
   author = {{Ajith}, P. and {Hannam}, M. and {Husa}, S. and {Chen}, Y. and 
    {Br{\"u}gmann}, B. and {Dorband}, N. and {M{\"u}ller}, D. and 
    {Ohme}, F. and {Pollney}, D. and {Reisswig}, C. and {Santamar{\'{\i}}a}, L. and 
    {Seiler}, J.},
    title = "{Inspiral-Merger-Ringdown Waveforms for Black-Hole Binaries with Nonprecessing Spins}",
  journal = {Physical Review Letters},
archivePrefix = "arXiv",
   eprint = {0909.2867},
 primaryClass = "gr-qc",
 keywords = {Gravitational waves: theory, Numerical studies of black holes and black-hole binaries},
     year = 2011,
    month = jun,
   volume = 106,
   number = 24,
      eid = {241101},
    pages = {241101},
      doi = {10.1103/PhysRevLett.106.241101},
   adsurl = {http://adsabs.harvard.edu/abs/2011PhRvL.106x1101A},
  adsnote = {Provided by the SAO/NASA Astrophysics Data System}
}

@ARTICLE{1989PhRvD..40.3194E,
   author = {{Echeverria}, F.},
    title = "{Gravitational-wave measurements of the mass and angular momentum of a black hole}",
  journal = {\prd},
     year = 1989,
    month = nov,
   volume = 40,
    pages = {3194-3203},
      doi = {10.1103/PhysRevD.40.3194},
   adsurl = {http://adsabs.harvard.edu/abs/1989PhRvD..40.3194E},
  adsnote = {Provided by the SAO/NASA Astrophysics Data System}
}

@ARTICLE{2009CQGra..26t4004P,
   author = {{Pankow}, C. and {Klimenko}, S. and {Mitselmakher}, G. and {Yakushin}, I. and 
    {Vedovato}, G. and {Drago}, M. and {Mercer}, R.~A. and {Ajith}, P.
    },
    title = "{A burst search for gravitational waves from binary black holes}",
  journal = {Classical and Quantum Gravity},
archivePrefix = "arXiv",
   eprint = {0905.3120},
 primaryClass = "gr-qc",
     year = 2009,
    month = oct,
   volume = 26,
   number = 20,
      eid = {204004},
    pages = {204004},
      doi = {10.1088/0264-9381/26/20/204004},
   adsurl = {http://adsabs.harvard.edu/abs/2009CQGra..26t4004P},
  adsnote = {Provided by the SAO/NASA Astrophysics Data System}
}

@ARTICLE{2012arXiv1204.2000C,
   author = {{Cornish}, N.~J.},
    title = "{Gravitational Wave Astronomy: Needle in a Haystack}",
  journal = {ArXiv e-prints},
archivePrefix = "arXiv",
   eprint = {1204.2000},
 primaryClass = "gr-qc",
 keywords = {General Relativity and Quantum Cosmology, Astrophysics - High Energy Astrophysical Phenomena},
     year = 2012,
    month = apr,
   adsurl = {http://adsabs.harvard.edu/abs/2012arXiv1204.2000C},
  adsnote = {Provided by the SAO/NASA Astrophysics Data System}
}

@ARTICLE{2010PhRvD..82j3007L,
   author = {{Littenberg}, T.~B. and {Cornish}, N.~J.},
    title = "{Separating gravitational wave signals from instrument artifacts}",
  journal = {\prd},
archivePrefix = "arXiv",
   eprint = {1008.1577},
 primaryClass = "gr-qc",
 keywords = {Gravitational radiation detectors, mass spectrometers, and other instrumentation and techniques, Gravitational wave detectors and experiments, Gravitational radiation magnetic fields and other observations},
     year = 2010,
    month = nov,
   volume = 82,
   number = 10,
      eid = {103007},
    pages = {103007},
      doi = {10.1103/PhysRevD.82.103007},
   adsurl = {http://adsabs.harvard.edu/abs/2010PhRvD..82j3007L},
  adsnote = {Provided by the SAO/NASA Astrophysics Data System}
}

@ARTICLE{2013PhRvD..88f2001A,
   author = {{Aasi}, J. and others},
   collaboration={{LIGO Scientific Collaboration} and {Virgo Collaboration}},
    title = "{Parameter estimation for compact binary coalescence signals with the first generation gravitational-wave detector network}",
  journal = {\prd},
archivePrefix = "arXiv",
   eprint = {1304.1775},
 primaryClass = "gr-qc",
 keywords = {Gravitational wave detectors and experiments, Numerical studies of black holes and black-hole binaries, Gravitational radiation magnetic fields and other observations, Binary and multiple stars},
     year = 2013,
    month = sep,
   volume = 88,
   number = 6,
      eid = {062001},
    pages = {062001},
      doi = {10.1103/PhysRevD.88.062001},
   adsurl = {http://adsabs.harvard.edu/abs/2013PhRvD..88f2001A},
  adsnote = {Provided by the SAO/NASA Astrophysics Data System}
}

@ARTICLE{1998PhRvD..58f3001J,
   author = {{Jaranowski}, P. and {Kr{\'o}lak}, A. and {Schutz}, B.~F.},
    title = "{Data analysis of gravitational-wave signals from spinning neutron stars: The signal and its detection}",
  journal = {\prd},
   eprint = {gr-qc/9804014},
 keywords = {Gravitational radiation detectors, mass spectrometers, and other instrumentation and techniques, Gravitational wave detectors and experiments, Mathematical procedures and computer techniques, Pulsars},
     year = 1998,
    month = sep,
   volume = 58,
   number = 6,
      eid = {063001},
    pages = {063001},
      doi = {10.1103/PhysRevD.58.063001},
   adsurl = {http://adsabs.harvard.edu/abs/1998PhRvD..58f3001J},
  adsnote = {Provided by the SAO/NASA Astrophysics Data System}
}

@ARTICLE{1994PhRvD..49.2658C,
   author = {{Cutler}, C. and {Flanagan}, {\'E}.~E.},
    title = "{Gravitational waves from merging compact binaries: How accurately can one extract the binary's parameters from the inspiral waveform$\backslash$?}",
  journal = {\prd},
   eprint = {gr-qc/9402014},
 keywords = {Gravitational wave detectors and experiments, Wave generation and sources, Neutron stars, Astrometric and interferometric binaries},
     year = 1994,
    month = mar,
   volume = 49,
    pages = {2658-2697},
      doi = {10.1103/PhysRevD.49.2658},
   adsurl = {http://adsabs.harvard.edu/abs/1994PhRvD..49.2658C},
  adsnote = {Provided by the SAO/NASA Astrophysics Data System}
}

@ARTICLE{1996CQGra..13.1279J,
   author = {{Jaranowski}, P. and {Kokkotas}, K.~D. and {Kr{\'o}lak}, A. and 
    {Tsegas}, G.},
    title = "{On the estimation of parameters of the gravitational-wave signal from a coalescing binary by a network of detectors}",
  journal = {Classical and Quantum Gravity},
     year = 1996,
    month = jun,
   volume = 13,
    pages = {1279-1307},
      doi = {10.1088/0264-9381/13/6/004},
   adsurl = {http://adsabs.harvard.edu/abs/1996CQGra..13.1279J},
  adsnote = {Provided by the SAO/NASA Astrophysics Data System}
}
@ARTICLE{2005PhRvD..71h4008A,
   author = {{Arun}, K.~G. and {Iyer}, B.~R. and {Sathyaprakash}, B.~S. and 
    {Sundararajan}, P.~A.},
    title = "{Parameter estimation of inspiralling compact binaries using 3.5 post-Newtonian gravitational wave phasing: The nonspinning case}",
  journal = {\prd},
   eprint = {gr-qc/0411146},
 keywords = {Post-Newtonian approximation, perturbation theory, related approximations, Gravitational waves: theory, Gravitational wave detectors and experiments, Neutron stars},
     year = 2005,
    month = apr,
   volume = 71,
   number = 8,
      eid = {084008},
    pages = {084008},
      doi = {10.1103/PhysRevD.71.084008},
   adsurl = {http://adsabs.harvard.edu/abs/2005PhRvD..71h4008A},
  adsnote = {Provided by the SAO/NASA Astrophysics Data System}
}

@ARTICLE{2011PhRvD..84j4020V,
   author = {{Vitale}, S. and {Zanolin}, M.},
    title = "{Application of asymptotic expansions for maximum likelihood estimators' errors to gravitational waves from inspiraling binary systems: The network case}",
  journal = {\prd},
archivePrefix = "arXiv",
   eprint = {1108.2410},
 primaryClass = "gr-qc",
 keywords = {Wave generation and sources, Experimental tests of gravitational theories},
     year = 2011,
    month = nov,
   volume = 84,
   number = 10,
      eid = {104020},
    pages = {104020},
      doi = {10.1103/PhysRevD.84.104020},
   adsurl = {http://adsabs.harvard.edu/abs/2011PhRvD..84j4020V},
  adsnote = {Provided by the SAO/NASA Astrophysics Data System}
}

@ARTICLE{2012PhRvD..85j4045V,
   author = {{Veitch}, J. and {Mandel}, I. and {Aylott}, B. and {Farr}, B. and 
    {Raymond}, V. and {Rodriguez}, C. and {van der Sluys}, M. and 
    {Kalogera}, V. and {Vecchio}, A.},
    title = "{Estimating parameters of coalescing compact binaries with proposed advanced detector networks}",
  journal = {\prd},
archivePrefix = "arXiv",
   eprint = {1201.1195},
 primaryClass = "astro-ph.HE",
 keywords = {Wave generation and sources},
     year = 2012,
    month = may,
   volume = 85,
   number = 10,
      eid = {104045},
    pages = {104045},
      doi = {10.1103/PhysRevD.85.104045},
   adsurl = {http://adsabs.harvard.edu/abs/2012PhRvD..85j4045V},
  adsnote = {Provided by the SAO/NASA Astrophysics Data System}
}

@ARTICLE{2013ApJ...766L..14H,
   author = {{Hannam}, M. and {Brown}, D.~A. and {Fairhurst}, S. and {Fryer}, C.~L. and 
    {Harry}, I.~W.},
    title = "{When can Gravitational-wave Observations Distinguish between Black Holes and Neutron Stars?}",
  journal = {Astrophys. J. Lett.},
archivePrefix = "arXiv",
   eprint = {1301.5616},
 primaryClass = "gr-qc",
 keywords = {black hole physics, gravitational waves, stars: neutron},
     year = 2013,
    month = mar,
   volume = 766,
      eid = {L14},
    pages = {L14},
      doi = {10.1088/2041-8205/766/1/L14},
   adsurl = {http://adsabs.harvard.edu/abs/2013ApJ...766L..14H},
  adsnote = {Provided by the SAO/NASA Astrophysics Data System}
}

@ARTICLE{2011CQGra..28j5021F,
   author = {{Fairhurst}, S.},
    title = "{Source localization with an advanced gravitational wave detector network}",
  journal = {Classical and Quantum Gravity},
archivePrefix = "arXiv",
   eprint = {1010.6192},
 primaryClass = "gr-qc",
     year = 2011,
    month = may,
   volume = 28,
   number = 10,
      eid = {105021},
    pages = {105021},
      doi = {10.1088/0264-9381/28/10/105021},
   adsurl = {http://adsabs.harvard.edu/abs/2011CQGra..28j5021F},
  adsnote = {Provided by the SAO/NASA Astrophysics Data System}
}

@ARTICLE{2013PhRvD..88d4042R,
   author = {{Read}, J.~S. and {Baiotti}, L. and {Creighton}, J.~D.~E. and 
	{Friedman}, J.~L. and {Giacomazzo}, B. and {Kyutoku}, K. and 
	{Markakis}, C. and {Rezzolla}, L. and {Shibata}, M. and {Taniguchi}, K.
	},
    title = "{Matter effects on binary neutron star waveforms}",
  journal = {\prd},
archivePrefix = "arXiv",
   eprint = {1306.4065},
 primaryClass = "gr-qc",
 keywords = {Gravitational waves: theory, Neutron stars, Numerical relativity, Nuclear matter aspects of neutron stars},
     year = 2013,
    month = aug,
   volume = 88,
   number = 4,
      eid = {044042},
    pages = {044042},
      doi = {10.1103/PhysRevD.88.044042},
   adsurl = {http://adsabs.harvard.edu/abs/2013PhRvD..88d4042R},
  adsnote = {Provided by the SAO/NASA Astrophysics Data System}
}


@ARTICLE{2012PhRvD..86f4032P,
   author = {{Paschalidis}, V. and {Etienne}, Z.~B. and {Shapiro}, S.~L.},
    title = "{Importance of cooling in triggering the collapse of hypermassive neutron stars}",
  journal = {\prd},
archivePrefix = "arXiv",
   eprint = {1208.5487},
 primaryClass = "astro-ph.HE",
 keywords = {Numerical relativity, Numerical studies of other relativistic binaries, Gravitational waves: theory},
     year = 2012,
    month = sep,
   volume = 86,
   number = 6,
      eid = {064032},
    pages = {064032},
      doi = {10.1103/PhysRevD.86.064032},
   adsurl = {http://adsabs.harvard.edu/abs/2012PhRvD..86f4032P},
  adsnote = {Provided by the SAO/NASA Astrophysics Data System}
}

@ARTICLE{2013arXiv1312.1862M,
   author = {{Messenger}, C. and {Takami}, K. and {Gossan}, S. and {Rezzolla}, L. and 
    {Sathyaprakash}, B.~S.},
    title = "{Host redshifts from gravitational-wave observations of binary neutron star mergers}",
  journal = {ArXiv e-prints},
archivePrefix = "arXiv",
   eprint = {1312.1862},
 primaryClass = "gr-qc",
 keywords = {General Relativity and Quantum Cosmology, Astrophysics - Cosmology and Extragalactic Astrophysics},
     year = 2013,
    month = dec,
   adsurl = {http://adsabs.harvard.edu/abs/2013arXiv1312.1862M},
  adsnote = {Provided by the SAO/NASA Astrophysics Data System}
}

@ARTICLE{1986Natur.323..310S,
   author = {{Schutz}, B.~F.},
    title = "{Determining the Hubble constant from gravitational wave observations}",
  journal = {\nat},
 keywords = {Astrometry, Gravitational Waves, Hubble Constant, Binary Stars, Gravitational Wave Antennas, Kilometric Waves, Neutron Stars, Orbit Decay},
     year = 1986,
    month = sep,
   volume = 323,
    pages = {310},
      doi = {10.1038/323310a0},
   adsurl = {http://adsabs.harvard.edu/abs/1986Natur.323..310S},
  adsnote = {Provided by the SAO/NASA Astrophysics Data System}
}

@article{lrr-2014-2,
  title    = {Gravitational Radiation from Post-Newtonian Sources and Inspiralling Compact Binaries},
  author   = {Luc Blanchet},
  journal  = {Living Reviews in Relativity},
  year     = {2014},
  number   = {2},
  volume   = {17},
  keywords = {Multipolar expansion, Inspiralling compact binary, Post-Newtonian approximations, Gravitational radiation},
  doi      = {10.12942/lrr-2014-2},
  url      = {http://www.livingreviews.org/lrr-2014-2}
}
%
% Note: Encoded in UTF-8! To use with TeX, adapt the encoding 
% (with tools 'recode' or 'iconv') or use the ucs package 
% (http://ctan.org/tex-archive/macros/latex/contrib/ucs)
%

@book{FriedmanStergioulas,
    author    = "{John L. Friedman} and {Nikolaos Stergioulas}",
    title     = "Rotating Relativistic Stars",
    year      = "2013",
    publisher = "Cambridge University Press"
}
  
@ARTICLE{2010PhRvD..81h4055Z,
   author = {{Zink}, B. and {Korobkin}, O. and {Schnetter}, E. and {Stergioulas}, N.
    },
    title = "{Frequency band of the f-mode Chandrasekhar-Friedman-Schutz instability}",
  journal = {\prd},
archivePrefix = "arXiv",
   eprint = {1003.0779},
 primaryClass = "astro-ph.SR",
 keywords = {Wave generation and sources},
     year = 2010,
    month = apr,
   volume = 81,
   number = 8,
      eid = {084055},
    pages = {084055},
      doi = {10.1103/PhysRevD.81.084055},
   adsurl = {http://adsabs.harvard.edu/abs/2010PhRvD..81h4055Z},
  adsnote = {Provided by the SAO/NASA Astrophysics Data System}
}

@ARTICLE{2010PhRvD..81h4019K,
   author = {{Kr{\"u}ger}, C. and {Gaertig}, E. and {Kokkotas}, K.~D.},
    title = "{Oscillations and instabilities of fast and differentially rotating relativistic stars}",
  journal = {\prd},
archivePrefix = "arXiv",
   eprint = {0911.2764},
 primaryClass = "astro-ph.SR",
 keywords = {Wave generation and sources, Relativistic stars: structure stability and oscillations, Relativity and gravitation, Pulsations oscillations and stellar seismology},
     year = 2010,
    month = apr,
   volume = 81,
   number = 8,
      eid = {084019},
    pages = {084019},
      doi = {10.1103/PhysRevD.81.084019},
   adsurl = {http://adsabs.harvard.edu/abs/2010PhRvD..81h4019K},
  adsnote = {Provided by the SAO/NASA Astrophysics Data System}
}

@ARTICLE{2010CQGra..27h4007P,
   author = {{Punturo}, M. and {Abernathy}, M. and {Acernese}, F. and {Allen}, B. and 
	{Andersson}, N. and {Arun}, K. and {Barone}, F. and {Barr}, B. and 
	{Barsuglia}, M. and {Beker}, M. and {Beveridge}, N. and {Birindelli}, S. and 
	{Bose}, S. and {Bosi}, L. and {Braccini}, S. and {Bradaschia}, C. and 
	{Bulik}, T. and {Calloni}, E. and {Cella}, G. and {Chassande Mottin}, E. and 
	{Chelkowski}, S. and {Chincarini}, A. and {Clark}, J. and {Coccia}, E. and 
	{Colacino}, C. and {Colas}, J. and {Cumming}, A. and {Cunningham}, L. and 
	{Cuoco}, E. and {Danilishin}, S. and {Danzmann}, K. and {De Luca}, G. and 
	{De Salvo}, R. and {Dent}, T. and {Derosa}, R. and {Di Fiore}, L. and 
	{Di Virgilio}, A. and {Doets}, M. and {Fafone}, V. and {Falferi}, P. and 
	{Flaminio}, R. and {Franc}, J. and {Frasconi}, F. and {Freise}, A. and 
	{Fulda}, P. and {Gair}, J. and {Gemme}, G. and {Gennai}, A. and 
	{Giazotto}, A. and {Glampedakis}, K. and {Granata}, M. and {Grote}, H. and 
	{Guidi}, G. and {Hammond}, G. and {Hannam}, M. and {Harms}, J. and 
	{Heinert}, D. and {Hendry}, M. and {Heng}, I. and {Hennes}, E. and 
	{Hild}, S. and {Hough}, J. and {Husa}, S. and {Huttner}, S. and 
	{Jones}, G. and {Khalili}, F. and {Kokeyama}, K. and {Kokkotas}, K. and 
	{Krishnan}, B. and {Lorenzini}, M. and {L{\"u}ck}, H. and {Majorana}, E. and 
	{Mandel}, I. and {Mandic}, V. and {Martin}, I. and {Michel}, C. and 
	{Minenkov}, Y. and {Morgado}, N. and {Mosca}, S. and {Mours}, B. and 
	{M{\"u}ller-Ebhardt}, H. and {Murray}, P. and {Nawrodt}, R. and 
	{Nelson}, J. and {Oshaughnessy}, R. and {Ott}, C.~D. and {Palomba}, C. and 
	{Paoli}, A. and {Parguez}, G. and {Pasqualetti}, A. and {Passaquieti}, R. and 
	{Passuello}, D. and {Pinard}, L. and {Poggiani}, R. and {Popolizio}, P. and 
	{Prato}, M. and {Puppo}, P. and {Rabeling}, D. and {Rapagnani}, P. and 
	{Read}, J. and {Regimbau}, T. and {Rehbein}, H. and {Reid}, S. and 
	{Rezzolla}, L. and {Ricci}, F. and {Richard}, F. and {Rocchi}, A. and 
	{Rowan}, S. and {R{\"u}diger}, A. and {Sassolas}, B. and {Sathyaprakash}, B. and 
	{Schnabel}, R. and {Schwarz}, C. and {Seidel}, P. and {Sintes}, A. and 
	{Somiya}, K. and {Speirits}, F. and {Strain}, K. and {Strigin}, S. and 
	{Sutton}, P. and {Tarabrin}, S. and {van den Brand}, J. and 
	{van Leewen}, C. and {van Veggel}, M. and {van den Broeck}, C. and 
	{Vecchio}, A. and {Veitch}, J. and {Vetrano}, F. and {Vicere}, A. and 
	{Vyatchanin}, S. and {Willke}, B. and {Woan}, G. and {Wolfango}, P. and 
	{Yamamoto}, K.},
    title = "{The third generation of gravitational wave observatories and their science reach}",
  journal = {Classical and Quantum Gravity},
     year = 2010,
    month = apr,
   volume = 27,
   number = 8,
      eid = {084007},
    pages = {084007},
      doi = {10.1088/0264-9381/27/8/084007},
   adsurl = {http://adsabs.harvard.edu/abs/2010CQGra..27h4007P},
  adsnote = {Provided by the SAO/NASA Astrophysics Data System}
}

@INPROCEEDINGS{2003pasb.conf..231R,
   author = {{Reisenegger}, A. and {Bonacic}, A.},
    title = "{Bulk viscosity, r-modes, and the early evolution of neutron stars}",
booktitle = {Pulsars, AXPs and SGRs Observed with BeppoSAX and Other Observatories},
     year = 2003,
   eprint = {astro-ph/0303454},
   editor = {{Cusumano}, G. and {Massaro}, E. and {Mineo}, T.},
    month = jul,
    pages = {231-236},
   adsurl = {http://adsabs.harvard.edu/abs/2003pasb.conf..231R},
  adsnote = {Provided by the SAO/NASA Astrophysics Data System}
}

@ARTICLE{2013ApJ...773...11H,
   author = {{Hebeler}, K. and {Lattimer}, J.~M. and {Pethick}, C.~J. and 
	{Schwenk}, A.},
    title = "{Equation of State and Neutron Star Properties Constrained by Nuclear Physics and Observation}",
  journal = {\apj},
archivePrefix = "arXiv",
   eprint = {1303.4662},
 primaryClass = "astro-ph.SR",
 keywords = {dense matter, equation of state, stars: neutron},
     year = 2013,
    month = aug,
   volume = 773,
      eid = {11},
    pages = {11},
      doi = {10.1088/0004-637X/773/1/11},
   adsurl = {http://adsabs.harvard.edu/abs/2013ApJ...773...11H},
  adsnote = {Provided by the SAO/NASA Astrophysics Data System}
}

@article{PhysRevLett.111.071101,
  title = {Demonstrating the Feasibility of Probing the Neutron-Star Equation of State with Second-Generation Gravitational-Wave Detectors},
  author = {Del Pozzo, Walter and Li, Tjonnie G. F. and Agathos, Michalis and Van Den Broeck, Chris and Vitale, Salvatore},
  journal = {Phys. Rev. Lett.},
  volume = {111},
  issue = {7},
  pages = {071101},
  numpages = {5},
  year = {2013},
  month = {Aug},
  publisher = {American Physical Society},
  doi = {10.1103/PhysRevLett.111.071101},
  url = {http://link.aps.org/doi/10.1103/PhysRevLett.111.071101}
}

@ARTICLE{2014PhRvD..89j3012W,
   author = {{Wade}, L. and {Creighton}, J.~D.~E. and {Ochsner}, E. and {Lackey}, B.~D. and 
    {Farr}, B.~F. and {Littenberg}, T.~B. and {Raymond}, V.},
    title = "{Systematic and statistical errors in a Bayesian approach to the estimation of the neutron-star equation of state using advanced gravitational wave detectors}",
  journal = {\prd},
archivePrefix = "arXiv",
   eprint = {1402.5156},
 primaryClass = "gr-qc",
 keywords = {Gravitational radiation magnetic fields and other observations, Equations of state of neutron-star matter},
     year = 2014,
    month = may,
   volume = 89,
   number = 10,
      eid = {103012},
    pages = {103012},
      doi = {10.1103/PhysRevD.89.103012},
   adsurl = {http://adsabs.harvard.edu/abs/2014PhRvD..89j3012W},
  adsnote = {Provided by the SAO/NASA Astrophysics Data System}
}

@ARTICLE{2014PhRvL.112j1101F,
   author = {{Favata}, M.},
    title = "{Systematic Parameter Errors in Inspiraling Neutron Star Binaries}",
  journal = {\prl},
archivePrefix = "arXiv",
   eprint = {1310.8288},
 primaryClass = "gr-qc",
 keywords = {Gravitational waves: theory, Post-Newtonian approximation, perturbation theory, related approximations, Gravitational-wave astrophysics, Neutron stars},
     year = 2014,
    month = mar,
   volume = 112,
   number = 10,
      eid = {101101},
    pages = {101101},
      doi = {10.1103/PhysRevLett.112.101101},
   adsurl = {http://adsabs.harvard.edu/abs/2014PhRvL.112j1101F},
  adsnote = {Provided by the SAO/NASA Astrophysics Data System}
}

