@ARTICLE{2010CQGra..27s4017C,
   author = {{Chassande Mottin}, {\'E}. and {Miele}, M. and {Mohapatra}, S. and 
    {Cadonati}, L.},
    title = "{Detection of GW bursts with chirplet-like template families}",
  journal = {Classical and Quantum Gravity},
archivePrefix = "arXiv",
   eprint = {1005.2876},
 primaryClass = "gr-qc",
     year = 2010,
    month = oct,
   volume = 27,
   number = 19,
      eid = {194017},
    pages = {194017},
      doi = {10.1088/0264-9381/27/19/194017},
   adsurl = {http://adsabs.harvard.edu/abs/2010CQGra..27s4017C},
  adsnote = {Provided by the SAO/NASA Astrophysics Data System}
}
